@article{faul2009statistical,
  title={Statistical power analyses using G* Power 3.1: Tests for correlation and regression analyses},
  author={Faul, Franz and Erdfelder, Edgar and Buchner, Axel and Lang, Albert-Georg},
  journal={Behavior research methods},
  volume={41},
  number={4},
  pages={1149--1160},
  year={2009},
  publisher={Springer}
}

@article{botvinick2001conflict,
  title={Conflict monitoring and cognitive control.},
  author={Botvinick, Matthew M and Braver, Todd S and Barch, Deanna M and Carter, Cameron S and Cohen, Jonathan D},
  journal={Psychological review},
  volume={108},
  number={3},
  pages={624},
  year={2001},
  publisher={American Psychological Association}
}

@article{di2018errors,
  title={Errors can elicit an error positivity in the absence of an error negativity: Evidence for independent systems of human error monitoring},
  author={Di Gregorio, Francesco and Maier, Martin E and Steinhauser, Marco},
  journal={Neuroimage},
  volume={172},
  pages={427--436},
  year={2018},
  publisher={Elsevier}
}

@article{buzzell2017error,
  title={Error-induced blindness: Error detection leads to impaired sensory processing and lower accuracy at short response--stimulus intervals},
  author={Buzzell, George A and Beatty, Paul J and Paquette, Natalie A and Roberts, Daniel M and McDonald, Craig G},
  journal={Journal of Neuroscience},
  volume={37},
  number={11},
  pages={2895--2903},
  year={2017},
  publisher={Soc Neuroscience}
}

@article{hester2007post,
  title={Post-error behavior in active cocaine users: poor awareness of errors in the presence of intact performance adjustments},
  author={Hester, Robert and Simoes-Franklin, Cristina and Garavan, Hugh},
  journal={Neuropsychopharmacology},
  volume={32},
  number={9},
  pages={1974--1984},
  year={2007},
  publisher={Nature Publishing Group}
}

@article{perrone2017influence,
  title={The influence of emotional intelligence and perfectionism on Error-Related Negativity: An event related potential study},
  author={Perrone-McGovern, Kristin and Simon-Dack, Stephanie and Esche, Aaron and Thomas, Christopher and Beduna, Kerry and Rider, Katie and Spurling, Alyssa and Matsen, Julie},
  journal={Personality and Individual Differences},
  volume={111},
  pages={65--70},
  year={2017},
  publisher={Elsevier}
}

@article{damaso2020,
  title={Evidence for different types of errors being associated with different types of post-error changes},
  author={Damaso, Karlye and Williams, Paul and Heathcote, Andrew},
  journal={Psychonomic bulletin \& review},
  volume={27},
  pages={435--440},
  year={2020},
  publisher={Springer}
}

@article{luck2005ten,
  title={Ten simple rules for designing and interpreting ERP experiments},
  author={Luck, Steven J},
  journal={Event-related potentials: A methods handbook},
  volume={4},
  year={2005},
  publisher={MIT press Cambridge, MA}
}